@misc{mathoverflow,
   author = "Joseph O'Rourke",
   title  = "Gaussian prime spirals",
   year   = "2012",
   month  = "Mar", 
   url    = "\url{http://mathoverflow.net/questions/91423/gaussian-prime-spirals}",
   note   = "[Online; accessed 10-November-2014]"
 }
 
@misc{wolfram,
   author = "Joseph O'Rourke and Stan Wagon",
   title  = "Gaussian Prime Spirals",
   year   = "2012",
   month  = "Apr", 
   url    = "\url{http://demonstrations.wolfram.com/GaussianPrimeSpirals/}",
   publisher = "Wolfram Demonstrations Project",
   note   = "[Online; accessed 10-November-2014]"
}

@book{elem_num_thry,
   author    = "John Stillwell",
   title     = "Elements of Number Theory",
   publisher = "Springer",
   year      = "2003",
   url       = "\url{https://www.springer.com/cda/content/document/cda_downloaddocument/9780387955872-c6.pdf?SGWID=0-0-45-101818-p2293254}",
   note      = "[Online; accessed 10-November-2014]"
    
}
